<marc:record xmlns:marc="http://www.loc.gov/MARC21/slim" xmlns:xsi="http://www.w3.org/2001/XMLSchema-instance" xsi:schemaLocation="http://www.loc.gov/MARC21/slim http://www.loc.gov/standards/marcxml/schema/MARC21slim.xsd">
  <marc:leader>     nam a2200289 a 4500</marc:leader>
  <marc:controlfield tag="001">001689255</marc:controlfield>
  <marc:controlfield tag="003">NNU</marc:controlfield>
  <marc:controlfield tag="005">20061010170927.0</marc:controlfield>
  <marc:controlfield tag="008">001212m19051911ua            000 0 ara d</marc:controlfield>
  <marc:datafield tag="035" ind1="9" ind2=" ">
    <marc:subfield code="a">NYUb12233611</marc:subfield>
  </marc:datafield>
  <marc:datafield tag="035" ind1=" " ind2=" ">
    <marc:subfield code="a">(CStRLIN)NYUG00-B4085</marc:subfield>
  </marc:datafield>
  <marc:datafield tag="040" ind1=" " ind2=" ">
    <marc:subfield code="a">NNU</marc:subfield>
    <marc:subfield code="c">NNU</marc:subfield>
  </marc:datafield>
  <marc:datafield tag="050" ind1=" " ind2="4">
    <marc:subfield code="a">BP130.4</marc:subfield>
    <marc:subfield code="b">.T28</marc:subfield>
  </marc:datafield>
  <marc:datafield tag="066" ind1=" " ind2=" ">
    <marc:subfield code="c">(3</marc:subfield>
  </marc:datafield>
  <marc:datafield tag="090" ind1=" " ind2=" ">
    <marc:subfield code="a">BP130.4</marc:subfield>
    <marc:subfield code="b">.T28</marc:subfield>
  </marc:datafield>
  <marc:datafield tag="100" ind1="0" ind2=" ">
    <marc:subfield code="a">Ṭabarī,</marc:subfield>
    <marc:subfield code="d">838?-923</marc:subfield>
    <marc:subfield code="6">01</marc:subfield>
  </marc:datafield>
  <marc:datafield tag="100" ind1="0" ind2=" ">
    <marc:subfield code="6">01</marc:subfield>
    <marc:subfield code="a">طبرى.</marc:subfield>
  </marc:datafield>
  <marc:datafield tag="240" ind1="0" ind2="0">
    <marc:subfield code="a">Jāmiʻ al-bayān ʻan taʼwīl āy al-Qurʼān</marc:subfield>
  </marc:datafield>
  <marc:datafield tag="245" ind1="1" ind2="0">
    <marc:subfield code="6">02</marc:subfield>
    <marc:subfield code="a">Min Kitāb Jāmiʻ al-bayān fī tafsīr al-Qurʼan̄ /</marc:subfield>
    <marc:subfield code="c">taʼlīf Abī Jaʻfar Muḥammad ibn Jarīr al-Ṭabarī. Wa-bi-hāmishihi tafsīr Gharāʼib al-Qurʼān wa-raghāʼib al-furqān / li-Niẓām al-Dīn al-Ḥasan ibn Muḥammad ibn Ḥusayn al-Qummī al-Nīsābūrī.</marc:subfield>
  </marc:datafield>
  <marc:datafield tag="245" ind1="1" ind2="0">
    <marc:subfield code="6">02</marc:subfield>
    <marc:subfield code="a">من كتاب جامع البيان فى تفسير القرآن /</marc:subfield>
    <marc:subfield code="c">تأليف أبى جعفر محمد بن جرير الطبرى. وبهامشه بفسير غرائب القرآن ورغائب الفرقان / لنظام الدين الحسن بن محمد بن حسين القمى النيسابوري.</marc:subfield>
  </marc:datafield>
  <marc:datafield tag="246" ind1="3" ind2="0">
    <marc:subfield code="a">Kitāb Jāmiʻ al-bayān fī tafsīr al-Qurʼan̄</marc:subfield>
  </marc:datafield>
  <marc:datafield tag="246" ind1="3" ind2=" ">
    <marc:subfield code="a">Gharāʼib al-Qurʼān wa-raghāʼib al-furqān</marc:subfield>
  </marc:datafield>
  <marc:datafield tag="260" ind1=" " ind2=" ">
    <marc:subfield code="6">03</marc:subfield>
    <marc:subfield code="a">Miṣr :</marc:subfield>
    <marc:subfield code="b">al-Maṭbaʻah al-Kubrá al-Amīrīyah,</marc:subfield>
    <marc:subfield code="c">1323-1329 [1905-1911]</marc:subfield>
  </marc:datafield>
  <marc:datafield tag="260" ind1=" " ind2=" ">
    <marc:subfield code="6">03</marc:subfield>
    <marc:subfield code="a">مصر :</marc:subfield>
    <marc:subfield code="b">المطبعة الكبرى الأميرية،</marc:subfield>
    <marc:subfield code="c">١٣٢٣-١٣٢٩.</marc:subfield>
  </marc:datafield>
  <marc:datafield tag="300" ind1=" " ind2=" ">
    <marc:subfield code="a">30 v. in 10 ;</marc:subfield>
    <marc:subfield code="c">25 cm.</marc:subfield>
  </marc:datafield>
  <marc:datafield tag="630" ind1="0" ind2="0">
    <marc:subfield code="a">Koran</marc:subfield>
    <marc:subfield code="v">Commentaries</marc:subfield>
    <marc:subfield code="v">Early works to 1800.</marc:subfield>
  </marc:datafield>
  <marc:datafield tag="700" ind1="1" ind2="2">
    <marc:subfield code="a">Nīsābūrī, Niẓām al-Dīn al-Ḥasan ibn Muḥammad,</marc:subfield>
    <marc:subfield code="d">d. 1328 or 9.</marc:subfield>
    <marc:subfield code="t">Gharāʼib al-Qurʼan̄ wa-raghāʼib al-furqān.</marc:subfield>
    <marc:subfield code="f">1903.</marc:subfield>
  </marc:datafield>
  <marc:datafield tag="998" ind1=" " ind2=" ">
    <marc:subfield code="a">20001212</marc:subfield>
    <marc:subfield code="d">20001212</marc:subfield>
    <marc:subfield code="d">20001212</marc:subfield>
    <marc:subfield code="n">NNU</marc:subfield>
    <marc:subfield code="s">1</marc:subfield>
    <marc:subfield code="t">c</marc:subfield>
    <marc:subfield code="z">e</marc:subfield>
  </marc:datafield>
</marc:record>
